Pour author, les noms et prénoms sont séparés par une vigule, et les différents auteurs par AND

BibTeX | EndNote | ACM Ref
@misc{geosud,
	institution=Geosud,
	howpublished="\url{http://ids.equipex-geosud.fr/images-landsat-8/}",
	year={2016}
}
@misc{esri,
	institution={ESRI},
	howpublished="\url{https://blogs.esri.com/esri/arcgis/2013/07/24/band-combinations-for-landsat-8/}",
	year={2016}
}

@book{White:2009:HDG:1717298,
	author = {White, Tom},
	title = {Hadoop: The Definitive Guide},
	year = {2009},
	isbn = {0596521979, 9780596521974},
	edition = {1st},
	publisher = {O'Reilly Media, Inc.},
} 

@article{Jain:2014:DVD:2667432.2667451,
	author = {Jain, Abhijit},
	title = {Data Visualization with the D3.JS Javascript Library},
	journal = {J. Comput. Sci. Coll.},
	issue_date = {December 2014},
	volume = {30},
	number = {2},
	month = dec,
	year = {2014},
	issn = {1937-4771},
	pages = {139--141},
	numpages = {3},
	url = {http://dl.acm.org/citation.cfm?id=2667432.2667451},
	acmid = {2667451},
	publisher = {Consortium for Computing Sciences in Colleges},
	address = {USA},
} 

@article{Meng:2016:MML:2946645.2946679,
	author = {Meng, Xiangrui and Bradley, Joseph and Yavuz, Burak and Sparks, Evan and Venkataraman, Shivaram and Liu, Davies and Freeman, Jeremy and Tsai, DB and Amde, Manish and Owen, Sean and Xin, Doris and Xin, Reynold and Franklin, Michael J. and Zadeh, Reza and Zaharia, Matei and Talwalkar, Ameet},
	title = {MLlib: Machine Learning in Apache Spark},
	journal = {J. Mach. Learn. Res.},
	issue_date = {January 2016},
	volume = {17},
	number = {1},
	month = jan,
	year = {2016},
	issn = {1532-4435},
	pages = {1235--1241},
	numpages = {7},
	url = {http://dl.acm.org/citation.cfm?id=2946645.2946679},
	acmid = {2946679},
	publisher = {JMLR.org},
	keywords = {apache spark, distributed algorithms, scalable machine learning},
} 

@misc{landsat8,
	author={U.S. Geological Survey},
	howpublished="\url{http://eros.usgs.gov/}",
	year={2016}
}
@misc{cesds,
	author={Telecom-ParisTech},
	year={2014},
	url={http://www.telecom-evolution.fr/fr/formations-certifiantes/ces-data-scientist},
	howpublished="\url{http://www.telecom-evolution.fr/fr/formations-certifiantes/ces-data-scientist}"
}
@Article{dataset,
	author={A. M. Vilkin, I. V. Safonov, M. A. Egorova},
	journal={Pattern Recognition and Image Analysis March 2013},
	title={Algorithm for segmentation of documents based on texture features},
	volume={23},
	year={2013},
	month={mar},
	url={https://archive.ics.uci.edu/ml/machine-learning-databases/00306/},
	notes={sympathique}
}

@misc{uci,
	author = {"M. Lichman"},
	year = {"2013"},
	title = {"{UCI} Machine Learning Repository"},
	url = {http://archive.ics.uci.edu/ml},
	institution = {University of California, Irvine, School of Information and Computer Sciences}
} 

@Article{Dalal05histogramsof,
	author = {Navneet Dalal and Bill Triggs},
        title = {Histograms of Oriented Gradients for Human Detection},
	booktitle = {In CVPR},
        year = {2005},
        pages = {886--893}
}

@misc{hog2,
	author={Levi, Gil},
	title={A short introduction to descriptors},
	month={aug},
	year={2013},
	url={https://gilscvblog.com}
}

@misc{ref,
	author={Essid, Slim},
	title={Resources},
	year={2016},
	url={www.perso.telecom-paristech.fr/~essid/}
}

@article{DBLP:journals/corr/YosinskiCBL14,
	  author    = {Jason Yosinski and Jeff Clune and Yoshua Bengio and Hod Lipson},
	  title     = {How transferable are features in deep neural networks?},
	  journal   = {CoRR},
	  volume    = {abs/1411.1792},
          year      = {2014},
          url       = {http://arxiv.org/abs/1411.1792},
          timestamp = {Mon, 01 Dec 2014 14:32:13 +0100},
	  biburl    = {http://dblp.uni-trier.de/rec/bib/journals/corr/YosinskiCBL14},
	  bibsource = {dblp computer science bibliography, http://dblp.org}
}

@inproceedings{imagenet_cvpr09,
	AUTHOR = {Deng, J. and Dong, W. and Socher, R. and Li, L.-J. and Li, K. and Fei-Fei, L.},
	TITLE = {{ImageNet: A Large-Scale Hierarchical Image Database}},
	BOOKTITLE = {CVPR09},
	YEAR = {2009},
	BIBSOURCE = "http://www.image-net.org/papers/imagenet_cvpr09.bib"}

@article{DBLP:journals/corr/SermanetEZMFL13,
	author = {Pierre Sermanet and David Eigen and Xiang Zhang and Micha{\"{e}}l Mathieu and Rob Fergus and Yann LeCun},
	title = {OverFeat: Integrated Recognition, Localization and Detection using Convolutional Networks},
	journal   = {CoRR},
	volume    = {abs/1312.6229},
	year      = {2013},
	url       = {http://arxiv.org/abs/1312.6229},
	timestamp = {Mon, 06 Jan 2014 15:10:41 +0100},
	biburl    = {http://dblp.uni-trier.de/rec/bib/journals/corr/SermanetEZMFL13},
 	ibsource = {dblp computer science bibliography, http://dblp.org}
}

@misc{overfeat,
	author={Pierre Sermanet and David Eigen and Xiang Zhang and Micha{\"{e}}l Mathieu and Rob Fergus and Yann LeCun},
	title={Overfeat code source},
	year={2014},
	url={https://github.com/sermanet/OverFeat}
}

@misc{scikit_bench,
	author={Prettenhofer, Peter AND Grisel, Olivier AND Blondel, Mathieu AND Buitinck, Lars},
	title={Classification of text documents using sparse features},
	year={2014},
	url={https://scikit-learn.org/stable/auto_examples/text/document_classification_20newsgroups.htm}
}

@misc{
wiki:hsv,
	author = "Wikipédia",
	title = "Teinte Saturation Valeur --- Wikipédia{,} l'encyclopédie libre",
	year = "2016",
	url = "http://fr.wikipedia.org/w/index.php?title=Teinte_Saturation_Valeur&oldid=125696736",
	note = "[En ligne; Page disponible le 30-avril-2016]"
}

@article{opencv_library,
    author = {Bradski, G.},
    citeulike-article-id = {2236121},
    journal = {Dr. Dobb's Journal of Software Tools},
    keywords = {bibtex-import},
    posted-at = {2008-01-15 19:21:54},
    priority = {4},
    title = {{The OpenCV Library}},
    year = {2000}
}
 
@article{scikit-learn,
 title={Scikit-learn: Machine Learning in {P}ython},
 author={Pedregosa, F. and Varoquaux, G. and Gramfort, A. and Michel, V.
         and Thirion, B. and Grisel, O. and Blondel, M. and Prettenhofer, P.
         and Weiss, R. and Dubourg, V. and Vanderplas, J. and Passos, A. and

https://pypi.python.org/pypi/utm
         Cournapeau, D. and Brucher, M. and Perrot, M. and Duchesnay, E.},
 journal={Journal of Machine Learning Research},
 volume={12},
 pages={2825--2830},
 year={2011}
}

@article{scikit-image,
 title = {scikit-image: image processing in {P}ython},
 author = {van der Walt, {S}t\'efan and {S}ch\"onberger, {J}ohannes {L}. and {Nunez-Iglesias}, {J}uan and {B}oulogne, {F}ran\c{c}ois and {W}arner, {J}oshua {D}. and {Y}ager, {N}eil and {G}ouillart, {E}mmanuelle and {Y}u, {T}ony and the scikit-image contributors},
 year = {2014},
 month = {6},
 keywords = {Image processing, Reproducible research, Education, Visualization, Open source, Python, Scientific programming},
 volume = {2},
 pages = {e453},
 journal = {PeerJ},
 issn = {2167-8359},
 url = {http://dx.doi.org/10.7717/peerj.453},
 doi = {10.7717/peerj.453}
}

@article {Virginia,
	title = {Virgina View - Data Archive},
	year = {2009},
	institution = {Virginia Polytechnic Institute \&\& State University},
	address = {Blacksburg, VA, USA},
	url = {http://virginiaview.cnre.vt.edu/data.html}
}

@misc{
wiki:utm,
        author = "Wikipédia",
        title = "Transverse universelle de Mercator --- Wikipédia{,} l'encyclopédie libre",
        year = "2016",
        url = "https://fr.wikipedia.org/wiki/Transverse_universelle_de_Mercator",
        note = "[En ligne; Page disponible le 09-Septembre-2016]"
}

@misc{utm_package,
	author = {Bart Van Andel and Tobias Bienek and Torstein I.},
	title = {"Bidirectional UTM-WGS84 converter for python"},
	year = {2012},
	url = {https://github.com/Turbo87/utm}
}
@misc{dans-gdal,
        author = {Stahlke Dan},
	institution = {Geographic Information Network of Alaska},
        title = {"dans-gdal-scripts"},
        year = {2012},
        url = {https://github.com/gina-alaska/dans-gdal-scripts}
}
@misc{sql-data,
	title = "Liste des villes de France en SQL, CSV ou XML",
	year = {2012},
	url = {http://sql.sh/736-base-donnees-villes-francaises}
}

@book{Nicolas:2014,
	author = {Jean-Marie Nicolas},
	title = {Les bases de l'imagerie satellitaire},
	year = {2014},
	edition = {Telecom-ParisTech},
	publisher = {Telecom-ParisTech},
	pages = {53-54}
}

@misc{ign-portail,
	author = {Institut Geographique National},
	title = {Le portail national de la connaissance du territoire mis en oeuvre par l'IGN},
	howpublished = "\url{https://www.geoportail.gouv.fr/}"
}

@book{QGIS_software,
    title = {QGIS Geographic Information System},
    author = {{QGIS Development Team}},
    organization = {Open Source Geospatial Foundation},
    year = {2009},
    url = {http://qgis.osgeo.org},
}

@misc{insee,
   author = {INSEE},
   title = {Une nouvelle approche du territoire : densité de population et accessibilité aux services},
   howpublished = "\url{http://www.insee.fr/fr/themes/document.asp?reg_id=6ref_id=23678}"
}

@misc{geopy,
	title={geopy is a Python 2 and 3 client for several popular geocoding web services.},
	year={2006},
	url={https://geopy.readthedocs.io/en/1.10.0/#a}
}

@misc{insee_pop2013,
	title={Données harmonisées des recensements de la population à partir de 1968},
	year={2016},
	url={http://www.insee.fr/fr/ppp/bases-de-donnees/recensement/populations-legales/pages2015/zip/HIST_POP_COM_RP13.zip}
}

@article{smote,
	 author = {Chawla, Nitesh V. and Bowyer, Kevin W. and Hall, Lawrence O. and Kegelmeyer, W. Philip},
	  title = {SMOTE: Synthetic Minority Over-sampling Technique},
	   journal = {J. Artif. Int. Res.},
	    issue_date = {January 2002},
	     volume = {16},
	      number = {1},
	       month = jun,
	        year = {2002},
		 issn = {1076-9757},
		  pages = {321--357},
		   numpages = {37},
		    url = {http://dl.acm.org/citation.cfm?id=1622407.1622416},
		     acmid = {1622416},
		      publisher = {AI Access Foundation},
		       address = {USA},
} 

@article{libsvm,
	 author = {Chang, Chih-Chung and Lin, Chih-Jen},
	  title = {{LIBSVM}: A library for support vector machines},
	   journal = {ACM Transactions on Intelligent Systems and Technology},
	    volume = {2},
	     issue = {3},
	      year = {2011},
	       pages = {27:1--27:27},
	        note =	 {Software available at \url{http://www.csie.ntu.edu.tw/~cjlin/libsvm}}
}

@misc{suisse,
	title = {La population de la Suisse 2015},
	organization = {Office fédéral de la statistique},
	year = {2013},
	url = {https://www.bfs.admin.ch/bfs/fr/home/statistiques/population/effectif-evolution/population.assetdetail.1401563.html}
}

@misc{belgique,
	title = {Chiffre global de la population par commune},
	organization = {Service public fédéral intérieur},
	year = {2015},
	url = {https://fr.wikipedia.org/wiki/Liste_des_communes_de_Belgique_par_population}
}

@misc{pays-bas,
	title = {Provinces and Municipalities},
	organization = {Statistics Netherlands},
	year = {2014},
	url = {https://www.citypopulation.de/php/netherlands-admin.php}
}

@article{gemi,
	author={Pinty, B. And Verstraete, M.M.},
	title={GEMI: a non-linear index to monitor global vegetation from satellites},
	journal={Vegetation},
	year={1992},
	volume={101},
	pages={15-20}
}	
