Pour author, les noms et prénoms sont séparés par une vigule, et les différents auteurs par AND
@misc{landsat8,
	author={U.S. Geological Survey},
	howpublished="\url{http://eros.usgs.gov/}",
	year={2016}
}
@misc{cesds,
	author={Telecom-ParisTech},
	year={2014},
	url={http://www.telecom-evolution.fr/fr/formations-certifiantes/ces-data-scientist},
	howpublished="\url{http://www.telecom-evolution.fr/fr/formations-certifiantes/ces-data-scientist}"
}
@Article{dataset,
	author={A. M. Vilkin, I. V. Safonov, M. A. Egorova},
	journal={Pattern Recognition and Image Analysis March 2013},
	title={Algorithm for segmentation of documents based on texture features},
	volume={23},
	year={2013},
	month={mar},
	url={https://archive.ics.uci.edu/ml/machine-learning-databases/00306/},
	notes={sympathique}
}

@misc{uci,
	author = {"M. Lichman"},
	year = {"2013"},
	title = {"{UCI} Machine Learning Repository"},
	url = {http://archive.ics.uci.edu/ml},
	institution = {University of California, Irvine, School of Information and Computer Sciences}
} 

@Article{Dalal05histogramsof,
	author = {Navneet Dalal and Bill Triggs},
        title = {Histograms of Oriented Gradients for Human Detection},
	booktitle = {In CVPR},
        year = {2005},
        pages = {886--893}
}

@misc{hog2,
	author={Levi, Gil},
	title={A short introduction to descriptors},
	month={aug},
	year={2013},
	url={https://gilscvblog.com}
}

@misc{ref,
	author={Essid, Slim},
	title={Resources},
	year={2016},
	url={www.perso.telecom-paristech.fr/~essid/}
}

@article{DBLP:journals/corr/YosinskiCBL14,
	  author    = {Jason Yosinski and Jeff Clune and Yoshua Bengio and Hod Lipson},
	  title     = {How transferable are features in deep neural networks?},
	  journal   = {CoRR},
	  volume    = {abs/1411.1792},
          year      = {2014},
          url       = {http://arxiv.org/abs/1411.1792},
          timestamp = {Mon, 01 Dec 2014 14:32:13 +0100},
	  biburl    = {http://dblp.uni-trier.de/rec/bib/journals/corr/YosinskiCBL14},
	  bibsource = {dblp computer science bibliography, http://dblp.org}
}

@inproceedings{imagenet_cvpr09,
	AUTHOR = {Deng, J. and Dong, W. and Socher, R. and Li, L.-J. and Li, K. and Fei-Fei, L.},
	TITLE = {{ImageNet: A Large-Scale Hierarchical Image Database}},
	BOOKTITLE = {CVPR09},
	YEAR = {2009},
	BIBSOURCE = "http://www.image-net.org/papers/imagenet_cvpr09.bib"}

@article{DBLP:journals/corr/SermanetEZMFL13,
	author = {Pierre Sermanet and David Eigen and Xiang Zhang and Micha{\"{e}}l Mathieu and Rob Fergus and Yann LeCun},
	title = {OverFeat: Integrated Recognition, Localization and Detection using Convolutional Networks},
	journal   = {CoRR},
	volume    = {abs/1312.6229},
	year      = {2013},
	url       = {http://arxiv.org/abs/1312.6229},
	timestamp = {Mon, 06 Jan 2014 15:10:41 +0100},
	biburl    = {http://dblp.uni-trier.de/rec/bib/journals/corr/SermanetEZMFL13},
 	ibsource = {dblp computer science bibliography, http://dblp.org}
}

@misc{overfeat,
	author={Pierre Sermanet and David Eigen and Xiang Zhang and Micha{\"{e}}l Mathieu and Rob Fergus and Yann LeCun},
	title={Overfeat code source},
	year={2014},
	url={https://github.com/sermanet/OverFeat}
}

@misc{scikit_bench,
	author={Prettenhofer, Peter AND Grisel, Olivier AND Blondel, Mathieu AND Buitinck, Lars},
	title={Classification of text documents using sparse features},
	year={2014},
	url={https://scikit-learn.org/stable/auto_examples/text/document_classification_20newsgroups.htm}
}

@misc{
wiki:hsv,
	author = "Wikipédia",
	title = "Teinte Saturation Valeur --- Wikipédia{,} l'encyclopédie libre",
	year = "2016",
	url = "http://fr.wikipedia.org/w/index.php?title=Teinte_Saturation_Valeur&oldid=125696736",
	note = "[En ligne; Page disponible le 30-avril-2016]"
}

@article{opencv_library,
    author = {Bradski, G.},
    citeulike-article-id = {2236121},
    journal = {Dr. Dobb's Journal of Software Tools},
    keywords = {bibtex-import},
    posted-at = {2008-01-15 19:21:54},
    priority = {4},
    title = {{The OpenCV Library}},
    year = {2000}
}
 
@article{scikit-learn,
 title={Scikit-learn: Machine Learning in {P}ython},
 author={Pedregosa, F. and Varoquaux, G. and Gramfort, A. and Michel, V.
         and Thirion, B. and Grisel, O. and Blondel, M. and Prettenhofer, P.
         and Weiss, R. and Dubourg, V. and Vanderplas, J. and Passos, A. and
         Cournapeau, D. and Brucher, M. and Perrot, M. and Duchesnay, E.},
 journal={Journal of Machine Learning Research},
 volume={12},
 pages={2825--2830},
 year={2011}
}

@article{scikit-image,
 title = {scikit-image: image processing in {P}ython},
 author = {van der Walt, {S}t\'efan and {S}ch\"onberger, {J}ohannes {L}. and {Nunez-Iglesias}, {J}uan and {B}oulogne, {F}ran\c{c}ois and {W}arner, {J}oshua {D}. and {Y}ager, {N}eil and {G}ouillart, {E}mmanuelle and {Y}u, {T}ony and the scikit-image contributors},
 year = {2014},
 month = {6},
 keywords = {Image processing, Reproducible research, Education, Visualization, Open source, Python, Scientific programming},
 volume = {2},
 pages = {e453},
 journal = {PeerJ},
 issn = {2167-8359},
 url = {http://dx.doi.org/10.7717/peerj.453},
 doi = {10.7717/peerj.453}
}
